@article {Li2012,
    author = {Li, Baohua and Madden, Laurence V. and Xu, Xiangming},
    title = {Spatial analysis by distance indices: an alternative local clustering index for studying spatial patterns},
    journal = {Methods in Ecology and Evolution},
    volume = {3},
    number = {2},
    publisher = {Blackwell Publishing Ltd},
    issn = {2041-210X},
    url = {http://dx.doi.org/10.1111/j.2041-210X.2011.00165.x},
    doi = {10.1111/j.2041-210X.2011.00165.x},
    pages = {368--377},
    keywords = {clustering indices, distance to regularity, significance testing},
    year = {2012},
}
@book{SpatialPointPattern,
    title =     {Handbook of Spatial Point-Pattern Analysis in Ecology},
    author =    {Thorsten Wiegand, Kirk A. Moloney},
    publisher = {Chapman and Hall/CRC},
    isbn =      {142008254X,9781420082548},
    year =      {2013},
    series =    {Chapman & Hall/CRC Applied Environmental Statistics},
    edition =   {1},
    volume =    {},
    url =       {http://gen.lib.rus.ec/book/index.php?md5=E6CE39497588C569E2D61A7AD897F7D2}
}
